@misc{jp3093,
    author    = "US Joint Chief of Staff",
    title     = "JP3.09.3, Close Air Support",
    url       = "https://fas.org/irp/doddir/dod/jp3_09_3.pdf",
    keywords  = "dod,joint",
    year      = "2014",
}

@misc{jp330,
    author    = "Joint chief of Staff US",
    title     = "JP3.30, Command and Control of Joint Air Operations",
    url       = "http://www.dtic.mil/doctrine/new_pubs/jp3_30.pdf",
    keywords  = "dod,joint",
    year      = "2014",
}

@misc{jp309,
    author    = "US Joint chief of Staff",
    title     = "JP30.9, Joint Fire Support",
    url       = "https://fas.org/irp/doddir/dod/jp3_09.pdf",
    keywords  = "dod,joint"
    year      = "2014",
}

@misc{jp352,
    author    = "US Joint chief of Staff",
    title     = "JP3.52, Joint Airspace Control",
    url       = "http://www.dtic.mil/doctrine/new_pubs/jp3_52.pdf",
    keywords  = "dod,joint",
    year      = "2014",
}